@misc{overleafLists,
author = {},
title = {{L}ists --- es.overleaf.com},
howpublished = {\url{https://es.overleaf.com/learn/latex/Lists}},
year = {},
note = {[Accessed 18-03-2025]},
}